<?xml version="1.0" encoding="UTF-8"?><collection xmlns="http://www.loc.gov/MARC21/slim"><record><leader>00640nam--2200205-u-4500</leader><controlfield tag="001">000054601</controlfield><controlfield tag="002">20161230</controlfield><controlfield tag="005">20161230201051</controlfield><controlfield tag="008">120329s1000------------r-----000-0-eng-d</controlfield><datafield ind1=" " ind2=" " tag="020"><subfield code="a">0720402808</subfield></datafield><datafield ind1=" " ind2=" " tag="040"><subfield code="a">IFIN-HH</subfield></datafield><datafield ind1=" " ind2=" " tag="080"><subfield code="a">539.14(061.3)</subfield></datafield><datafield ind1="1" ind2=" " tag="100"><subfield code="a">Boer, J. De</subfield></datafield><datafield ind1="1" ind2="0" tag="245"><subfield code="a">Proceedings of the international conference on nuclear physics munich, august 27 - september 1, 1973</subfield><subfield code="c">J de boer, h.j. mang (eds.)</subfield></datafield><datafield ind1=" " ind2=" " tag="260"><subfield code="a">Amsterdam</subfield><subfield code="b">North-holland Publishing Company</subfield><subfield code="c">1973</subfield></datafield><datafield ind1=" " ind2=" " tag="300"><subfield code="a">2 VOLUME</subfield></datafield><datafield ind1="1" ind2=" " tag="700"><subfield code="a">Mang, H.J</subfield><subfield code="e">Ed</subfield></datafield><datafield ind1="1" ind2=" " tag="787"><subfield code="a">Volume 2</subfield><subfield code="h">837p</subfield><subfield code="t">Invited Papers</subfield></datafield><datafield ind1=" " ind2=" " tag="852"><subfield code="a">41292</subfield><subfield code="c">593.14</subfield></datafield><datafield ind1=" " ind2=" " tag="CAT"><subfield code="a">Sys</subfield><subfield code="c">20120329</subfield><subfield code="h">171519</subfield></datafield></record></collection>